<record><leader>00000cas a2200000 a 4500</leader><controlfield tag="001">13640884</controlfield><controlfield tag="008">860523d19251929scuwr ne      0    0eng d</controlfield><datafield ind1=" " ind2=" " tag="010"><subfield code="a">sn 86063745 </subfield></datafield><datafield ind1=" " ind2=" " tag="040"><subfield code="a">KSH</subfield><subfield code="b">eng</subfield><subfield code="c">KSH</subfield><subfield code="d">NPT</subfield><subfield code="d">NYS</subfield><subfield code="d">SVN</subfield><subfield code="d">OCL</subfield><subfield code="d">OCLCQ</subfield></datafield><datafield ind1=" " ind2=" " tag="042"><subfield code="a">msc</subfield></datafield><datafield ind1="0" ind2="0" tag="245"><subfield code="a">Union weekly progress.</subfield></datafield><datafield ind1=" " ind2=" " tag="260"><subfield code="a">Union, S.C. :</subfield><subfield code="b">H.V. Sturdivant</subfield></datafield><datafield ind1=" " ind2=" " tag="300"><subfield code="a">v. :</subfield><subfield code="b">ill. ;</subfield><subfield code="c">54 cm.</subfield></datafield><datafield ind1=" " ind2=" " tag="310"><subfield code="a">Weekly</subfield></datafield><datafield ind1="0" ind2=" " tag="362"><subfield code="a">Vol. 1, no. 1 (Jan. 7, 1925)-</subfield></datafield><datafield ind1="1" ind2=" " tag="362"><subfield code="a">Ceased in 1929?</subfield><subfield code="z">Moore, South Carolina newspapers.</subfield></datafield><datafield ind1=" " ind2="4" tag="651"><subfield code="a">Union County (S.C.)</subfield><subfield code="v">Newspapers.</subfield></datafield><datafield ind1=" " ind2=" " tag="752"><subfield code="a">United States</subfield><subfield code="b">South Carolina</subfield><subfield code="c">Union</subfield><subfield code="d">Union.</subfield></datafield><datafield ind1="0" ind2=" " tag="775"><subfield code="t">Union daily progress</subfield><subfield code="w">(DLC)sn 92065669</subfield></datafield><datafield ind1="0" ind2="0" tag="780"><subfield code="t">Progress (Union, S.C.)</subfield><subfield code="w">(DLC)sn 91066488</subfield><subfield code="w">(OCoLC)23442174</subfield></datafield><datafield ind1="1" ind2=" " tag="029"><subfield code="a">AU@</subfield><subfield code="b">000022168881</subfield></datafield></record>